@online{repo:pa-assignment-2,
	author = {Giovanni Angelo, Alghisi},
	publisher = {GitHub},
	title = {\texttt{GitHub Repository - PA\_assignment\_2}},
	date = {2023},
	url = {https://github.com/g002alghisi/PA_assignment_2},
	sortkey = {repo-github},
	label = {repo-github},
}

@article{article:muller,
	author = {Oliver MÃ¼ller and Iris Junglas and Jan vom Brocke and Stefan Debortoli},
	title = {Utilizing big data analytics for information systems research: challenges, promises and guidelines},
	journal = {European Journal of Information Systems},
	volume = {25},
	number = {4},
	pages = {289-302},
	year  = {2016},
	publisher = {Taylor & Francis},
	doi = {10.1057/ejis.2016.2},
	URL = {https://doi.org/10.1057/ejis.2016.2},
	eprint = {https://doi.org/10.1057/ejis.2016.2}
}